@misc{ flask-framework,
   author={Armin Ronacher},
   title={{Flask} {Framework}},
   howpublished={Available \url{http://flask.pocoo.org/}},
   note={[Accessed: 23 Nov 2015]}
}
@misc{ flask-tutorial,
   author={Luis Rei},
   title={{Implementing} a {RESTful} {Web} {API} with {Python} \& {Flask}},
   howpublished={Available \url{http://blog.luisrei.com/articles/flaskrest.html}},
   note={[Accessed: 23 Nov 2015]}
}
